@inproceedings{haeupler2011analyzing,
  title={Analyzing network coding gossip made easy},
  author={Haeupler, Bernhard},
  booktitle={Proceedings of the forty-third annual ACM symposium on Theory of computing},
  pages={293--302},
  year={2011},
  organization={ACM}
}
@inproceedings{demers1987epidemic,
  title={Epidemic algorithms for replicated database maintenance},
  author={Demers, Alan and Greene, Dan and Hauser, Carl and Irish, Wes and Larson, John and Shenker, Scott and Sturgis, Howard and Swinehart, Dan and Terry, Doug},
  booktitle={Proceedings of the sixth annual ACM Symposium on Principles of distributed computing},
  pages={1--12},
  year={1987},
  organization={ACM}
}